@Manual{Allaire_Quarto_2022,
  author = {Allaire, J. J. and Teague, C. and Scheidegger, C. and Xie, Y. and Dervieux, C.},
  doi = {10.5281/zenodo.5960048},
  month = jan,
  title = {{Quarto}},
  url = {https://github.com/quarto-dev/quarto-cli},
  version = {1.2},
  year = {2022}
}

@article{chou_novel_2021,
  title = {A novel metaheuristic optimizer inspired by behavior of jellyfish in ocean},
  volume = {389},
  issn = {00963003},
  doi = {10.1016/j.amc.2020.125535},
  urldate = {2023-09-25},
  journal = {Applied Mathematics and Computation},
  author = {Chou, J.-S. and Truong, D.-N.},
  month = jan,
  year = {2021},
  pages = {125535}
}

@article{chou_recent_2022,
  title={Recent advances in use of bio-inspired jellyfish search algorithm for solving optimization problems},
  author={Chou, J.-S. and Molla, A.},
  journal={Scientific Reports},
  volume={12},
  number={1},
  pages={19157},
  year={2022},
  publisher={Nature Publishing Group},
  doi={10.1038/s41598-022-23121-z}
}

@article{laa_using_2020,
  title = {Using tours to visually investigate properties of new projection pursuit indexes with application to problems in physics},
  volume = {35},
  issn = {1613-9658},
  doi = {10.1007/s00180-020-00954-8},
  number = {3},
  urldate = {2024-01-04},
  journal = {Computational Statistics},
  author = {Laa, U. and Cook, D.},
  month = sep,
  year = {2020},
  pages = {1171--1205}
}

@inproceedings{marie-sainte_efficient_2010,
  series = {Lecture {Notes} in {Computer} {Science}},
  title = {An {Efficient} {Optimization} {Method} for {Revealing} {Local} {Optima} of {Projection} {Pursuit} {Indices}},
  isbn = {978-3-642-15461-4},
  doi = {10.1007/978-3-642-15461-4_6},
  language = {en},
  booktitle = {Swarm {Intelligence}},
  publisher = {Springer},
  author = {Marie-Sainte, S. L. and Berro, A. and Ruiz-Gazen, A.},
  editor = {Dorigo, M. and Birattari, M. and Di Caro, G. A. and Doursat, R. and Engelbrecht, A. P. and Floreano, D. and Gambardella, L. M. and Groß, R. and Şahin, E. and Sayama, H. and Stützle, T.},
  year = {2010},
  pages = {60--71}
}

@article{rajwar_exhaustive_2023,
  title={An exhaustive review of the metaheuristic algorithms for search and optimization: taxonomy, applications, and open challenges},
  author={Rajwar, K. and Deep, K. and Das, S.},
  journal={Artificial Intelligence Review},
  pages={1--71},
  year={2023},
  publisher={Springer},
  doi={10.1007/s10462-023-10470-y}
}

@article{RJ-2021-105,
  author = {Zhang, H. S. and Cook, D. and Laa, U. and Langrené, N. and Menéndez, P.},
  title = {Visual Diagnostics for Constrained Optimisation with Application to Guided Tours},
  journal = {The R Journal},
  year = {2021},
  doi = {10.32614/RJ-2021-105},
  volume = {13},
  issue = {2},
  issn = {2073-4859},
  pages = {624-641}
}

@incollection{kr69,
  author={Kruskal, J. B.},
  year={1969},
  title={Toward a Practical Method Which Helps Uncover the Structure of a Set of Observations By Finding the Line Transformation Which Optimizes a New `Index of Condensation'},
  pages={427--440},
  editor={Milton, R. C. and Nelder, J. A.},
  booktitle={Statistical Computation},
  publisher={Academic Press},
  address={New York},
  doi={10.1016/B978-0-12-498150-8.50024-0}
}

@article{FT74,
  author={Friedman, J. H. and Tukey, J. W.},
  year={1974},
  title={A Projection Pursuit Algorithm for Exploratory Data Analysis},
  journal={IEEE Transactions on Computers},
  volume={C-23},
  number={9},
  pages={881--890},
  doi={10.1109/T-C.1974.224051}
}

@article{Laa:2020wkm,
  author = {Laa, U. and Cook, D. and Buja, A. and Valencia, G.},
  title = {Hole or Grain? A Section Pursuit Index for Finding Hidden Structure in Multiple Dimensions},
  journal = {Journal of Computational and Graphical Statistics},
  volume = {31},
  number = {3},
  pages = {739--752},
  year = {2022},
  doi = {10.1080/10618600.2022.2035230}
}

@INCOLLECTION{BCAH05,
  Year=2005,
  Author="Buja, A. and Cook, D. and Asimov, D. and Hurley, C.",
  Title="{C}omputational {M}ethods for {H}igh-{D}imensional {R}otations in {D}ata {V}isualization",
  booktitle={Handbook of Statistics: Data Mining and Visualization},
  Editor = {Rao, C. R. and Wegman, E. J. and Solka, J. L.},
  Publisher = {Elsevier/North-Holland}, Address={Amsterdam, The Netherlands},
  Pages="391--414"
}

@incollection{cook2008grand,
  title={Grand tours, projection pursuit guided tours, and manual controls},
  author={Cook, D. and Buja, A. and Lee, E.-K. and Wickham, H.},
  booktitle={Handbook of Data Visualization},
  pages={295--314},
  year={2008},
  publisher={Springer},
  doi = {10.1007/978-3-540-33037-0_13}
}

@article{jones1998efficient,
  title={Efficient global optimization of expensive black-box functions},
  author={Jones, D. R. and Schonlau, M. and Welch, W. J.},
  journal={Journal of Global Optimization},
  volume={13},
  number={4},
  pages={455--492},
  year={1998},
  publisher={Springer},
  doi={10.1023/A:1008306431147}
}

@book{bertsekas2014constrained,
  title={Constrained optimization and Lagrange multiplier methods},
  author={Bertsekas, D. P.},
  year={2014},
  publisher={Academic Press},
  doi = {10.1016/C2013-0-10366-2}
}

@article{hall1989polynomial,
  title={On polynomial-based projection indices for exploratory projection pursuit},
  author={Hall, P.},
  journal={The Annals of Statistics},
  volume={17},
  number={2},
  pages={589--605},
  year={1989},
  publisher={Institute of Mathematical Statistics},
  doi = {10.1214/aos/1176347127}
}

@article{cook1993projection,
  title={Projection pursuit indexes based on orthonormal function expansions},
  author={Cook, D. and Buja, A. and Cabrera, J.},
  journal={Journal of Computational and Graphical Statistics},
  volume={2},
  number={3},
  pages={225--250},
  year={1993},
  publisher={Taylor \& Francis Group},
  doi={10.2307/1390644}
}

@article{lee2005projection,
  title={Projection pursuit for exploratory supervised classification},
  author={Lee, E.-K. and Cook, D. and Klinke, S. and Lumley, T.},
  journal={Journal of Computational and Graphical Statistics},
  volume={14},
  number={4},
  pages={831--846},
  year={2005},
  publisher={Taylor \& Francis},
  doi={10.1198/106186005X77702}
}

@article{lee2010projection,
  title={A projection pursuit index for large $p$ small $n$ data},
  author={Lee, E.-K. and Cook, D.},
  journal={Statistics and Computing},
  volume={20},
  number={3},
  pages={381--392},
  year={2010},
  publisher={Springer},
  doi={10.1007/s11222-009-9131-1}
}

@article{Loperfido2020,
  title={Kurtosis-based projection pursuit for outlier detection in financial time series},
  author={Loperfido, N.},
  journal={The European Journal of Finance},
  volume={26},
  number={2-3},
  pages={142--164},
  year={2020},
  publisher={Routledge},
  doi={10.1080/1351847X.2019.1647864}
}

@article{Loperfido2018,
  title={Skewness-based projection pursuit: A computational approach},
  author={Loperfido, N.},
  journal={Computational Statistics and Data Analysis},
  volume={120},
  number={C},
  pages={42--57},
  year={2018},
  publisher={Elsevier},
  doi={10.1016/j.csda.2017.11.001}
}

@article{tourr,
  title={{t}ourr: An R Package for Exploring Multivariate Data with Projections},
  author={Wickham, H. and Cook, D. and Hofmann, H. and Buja, A.},
  journal={Journal of Statistical Software},
  volume={40},
  number={2},
  pages={1--18},
  year={2011},
  doi={10.18637/jss.v040.i02}
}

@article{cook1995grand,
  title={Grand tour and projection pursuit},
  author={Cook, D. and Buja, A. and Cabrera, J. and Hurley, C.},
  journal={Journal of Computational and Graphical Statistics},
  volume={4},
  number={3},
  pages={155--172},
  year={1995},
  publisher={Taylor \& Francis Group},
  doi={10.1080/10618600.1995.10474674}
}

@article{Bertsimas93,
  title={Simulated Annealing},
  author={Bertsimas, D. and Tsitsiklis, J.},
  journal={Statistical Science},
  volume={8},
  number={1},
  pages={10--15},
  year={1993},
  publisher={Institute of Mathematical Statistics},
  doi={10.1214/ss/1177011077},
  url={https://doi.org/10.1214/ss/1177011077}
}

@article{posse95,
  title={Projection pursuit exploratory data analysis},
  author={Posse, C.},
  journal={Computational Statistics and Data Analysis},
  volume={20},
  number={6},
  pages={669--687},
  year={1995},
  doi={10.1016/0167-9473(95)00002-8},
  url={https://www.sciencedirect.com/science/article/pii/0167947395000028}
}

@phdthesis{Grimm2016,
  title={Kennzahlenbasierte Grafikauswahl},
  author={Grimm, K.},
  school={Universität Augsburg},
  type={doctoral thesis},
  pages={III, 210},
  year={2016}
}

@article{huber85,
  title={Projection Pursuit},
  author={Huber, P. J.},
  journal={The Annals of Statistics},
  volume={13},
  number={2},
  pages={435--475},
  year={1985},
  publisher={The Institute of Mathematical Statistics},
  doi={10.1214/aos/1176349519},
  url={https://doi.org/10.1214/aos/1176349519}
}

@techreport{huberplot,
  author = "Huber, P. J.",
  title = "Data Analysis and Projection Pursuit",
  year = 1990,
  institution = "Dept. of Mathematics, Massachusetts Institute of Technology",
  number = "Technical Report PJH-90-1"
}

@INPROCEEDINGS{scag,
  author={Wilkinson, L. and Anand, A. and Grossman, R.},
  booktitle={IEEE Symposium on Information Visualization, 2005. INFOVIS 2005.},
  title={Graph-theoretic scagnostics},
  year={2005},
  volume={},
  number={},
  pages={157-164},
  doi={10.1109/INFVIS.2005.1532142},
  ISSN={1522-404X},
  month={Oct}
}

@article{WW08,
  author = {Wilkinson, L. and Wills, G.},
  title = {Scagnostics Distributions},
  journal = {Journal of Computational and Graphical Statistics},
  volume = {17},
  number = {2},
  pages = {473-491},
  year  = {2008},
  publisher = {Taylor & Francis},
  doi = {10.1198/106186008X320465},
  url = {https://doi.org/10.1198/106186008X320465}
}

@Manual{R,
    title = {R: A Language and Environment for Statistical Computing},
    author = {{R Core Team}},
    organization = {R Foundation for Statistical Computing},
    address = {Vienna, Austria},
    year = {2023},
    url = {https://www.R-project.org/},
}

@InProceedings{marie-sainte2010,
    author="Marie-Sainte, S. L. and Berro, A. and Ruiz-Gazen, A.",
    editor="Dorigo, M. and Birattari, M. and Di Caro, G. A. and Doursat, R. and Engelbrecht, A. P. and Floreano, D. and Gambardella, L. M. and Gro\ss, R. and {\c{S}}ahin, E. and Sayama, H. and St\"utzle, T.",
    title="An Efficient Optimization Method for Revealing Local Optima of Projection Pursuit Indices",
    booktitle="Swarm Intelligence",
    year="2010",
    publisher="Springer Berlin Heidelberg",
    address="Berlin, Heidelberg",
    pages="60--71",
    doi={10.1007/978-3-642-15461-4_6}
}

@InProceedings{grochowski2011,
    author="Grochowski, M. and Duch, W.",
    editor="Dobnikar, A. and Lotri{\v{c}}, U. and {\v{S}}ter, B.",
    title="Fast Projection Pursuit Based on Quality of Projected Clusters",
    booktitle="Adaptive and Natural Computing Algorithms",
    year="2011",
    publisher="Springer Berlin Heidelberg",
    address="Berlin, Heidelberg",
    pages="89--97",
    doi={10.1007/978-3-642-20267-4_10}
}

@misc{guinness2021gpgp,
  title={{GpGp}: fast {G}aussian process computation using {V}ecchia’s approximation},
  author={Guinness, J. and Katzfuss, M. and Fahmy, Y.},
  howpublished={R package},
  year={2021},
  url={https://cran.r-project.org/package=GpGp}
}

@article{abdulah2023large,
  title={Large-scale environmental data science with {ExaGeoStatR}},
  author={Abdulah, S. and Li, Y. and Cao, J. and Ltaief, H. and Keyes, D. and Genton, M. and Sun, Y.},
  journal={Environmetrics},
  volume={34},
  number={1},
  pages={e2770},
  year={2023},
  doi={10.1002/env.2770},
  publisher={Wiley Online Library}
}

@book{barnett1981interpreting,
  title={Graphical display of data in three and higher dimensions},
  author={Tukey, P.A. and Tukey, J.W.},
  isbn={9780471280392},
  lccn={lc82121862},
  series={Wiley series in probability and mathematical statistics: Applied probability and statistics},
  url={https://books.google.com.au/books?id=WBzvAAAAMAAJ},
  year={1981},
  publisher={Wiley},
  note={in V. Barnett, Interpreting multivariate data}
}

@book{adams2003sobolev,
  title={Sobolev spaces},
  author={Adams, R. and Fournier, J.},
  year={2003},
  series={Pure and Applied Mathematics},
  volume={140},
  publisher={Elsevier}
}

@article{porcu2024matern,
  title={The {M}at\'ern model: a journey through statistics, numerical analysis and machine learning},
  author={Porcu, E. and Bevilacqua, M. and Schaback, R. and Oates, C.},
  journal={Statistical Science},
  volume={39},
  number={3},
  pages={469--492},
  year={2024},
  doi={10.1214/24-STS923}
}

@misc{DLMF,
  author={DLMF},
  key={{\relax DLMF}},
  title={{NIST Digital Library of Mathematical Functions}},
  url={https://dlmf.nist.gov/10.25},
  note={F.~W.~J. Olver, A.~B. Olde Daalhuis, D.~W. Lozier, B.~I. Schneider,
          R.~F. Boisvert, C.~W. Clark, B.~R. Miller, B.~V. Saunders,
          H.~S. Cohl, and M.~A. McClain, eds.},
  year={2024}
}

@article{karvonen2023asymptotic,
  title={Asymptotic bounds for smoothness parameter estimates in {G}aussian process interpolation},
  author={Karvonen, T.},
  journal={SIAM/ASA Journal on Uncertainty Quantification},
  volume={11},
  number={4},
  pages={1225--1257},
  year={2023},
  doi={10.1137/22M149288X}
}

@book{rasmussen2006gaussian,
  title={Gaussian processes for machine learning},
  author={Rasmussen, C.E. and Williams, C.K.I.},
  year={2006},
  publisher={The MIT Press}
}

@article{reshef2016measuring,
  title={Measuring dependence powerfully and equitably},
  author={Reshef, Y.A. and Reshef, D.N. and Finucane, H.K. and Sabeti, P.C. and Mitzenmacher, M.},
  journal={Journal of Machine Learning Research},
  volume={17},
  number={211},
  pages={1--63},
  year={2016}
}

@Manual{patchwork,
  title = {{p}atchwork: The Composer of Plots},
  author = {Pedersen, T.L.},
  year = {2024},
  note = {R package version 1.3.0},
  url = {https://CRAN.R-project.org/package=patchwork}
}

@Manual{ggh4x,
  title = {{g}gh4x: Hacks for {ggplot2}},
  author = {Van Den Brand, T.},
  year = {2024},
  note = {R package version 0.2.8},
  url = {https://CRAN.R-project.org/package=ggh4x}
}

@Manual{broom,
  title = {{b}room: Convert Statistical Objects into Tidy Tibbles},
  author = {Robinson, D. and Hayes, A. and Couch, S.},
  year = {2024},
  note = {R package version 1.0.6},
  url = {https://CRAN.R-project.org/package=broom}
}

@Manual{kabelextra,
  title = {{k}ableExtra: Construct Complex Table with {kable} and Pipe Syntax},
  author = {Zhu, H.},
  year = {2024},
  note = {R package version 1.4.0},
  url = {https://CRAN.R-project.org/package=kableExtra}
}

@Manual{cassowaryr,
  title = {{c}assowaryr: Compute Scagnostics on Pairs of Numeric Variables in a Data Set},
  author = {Mason, H. and Lee, S. and Laa, U. and Cook, D.},
  year = {2022},
  note = {R package version 2.0.0},
  url = {https://CRAN.R-project.org/package=cassowayr}
}

@Manual{tidyr,
  title = {{t}idyr: Tidy Messy Data},
  author = {Wickham, H. and Vaughan, D. and Girlich, M.},
  year = {2024},
  note = {R package version 1.3.1},
  url = {https://CRAN.R-project.org/package=tidyr},
}

@Manual{dplyr,
  title = {{d}plyr: A Grammar of Data Manipulation},
  author = {Wickham, H. and François, R. and Henry, L. and Müller, K. and Vaughan, D.},
  year = {2023},
  note = {R package version 1.1.4},
  url = {https://CRAN.R-project.org/package=dplyr},
}

@Book{ggplot2,
  author = {Wickham, H.},
  title = {{g}gplot2: Elegant Graphics for Data Analysis},
  publisher = {Springer-Verlag New York},
  year = {2016},
  isbn = {978-3-319-24277-4},
  url = {https://ggplot2.tidyverse.org},
}

@InCollection{knitr,
  booktitle = {Implementing Reproducible Computational Research},
  editor = {Stodden, V. and Leisch, F. and Peng, R.D.},
  title = {{k}nitr: A Comprehensive Tool for Reproducible Research in {R}},
  author = {Xie, Y.},
  publisher = {Chapman and Hall/CRC},
  year = {2014},
  note = {ISBN 978-1466561595},
}

@Article{gtsummary,
  author = {Sjoberg, D.D. and Whiting, K. and Curry, M. and Lavery, J.A. and Larmarange, J.},
  title = {Reproducible Summary Tables with the {g}tsummary Package},
  journal = {{The R Journal}},
  year = {2021},
  url = {https://doi.org/10.32614/RJ-2021-053},
  doi = {10.32614/RJ-2021-053},
  volume = {13},
  issue = {1},
  pages = {570-580},
}
